<?xml version="1.0" encoding="UTF-8"?>
<collection xmlns:xsi="http://www.w3.org/2001/XMLSchema-instance" xsi:schemaLocation="http://www.loc.gov/MARC21/slim http://www.loc.gov/standards/marcxml/schema/MARC21slim.xsd" xmlns="http://www.loc.gov/MARC21/slim">
<record>
  <leader>00929cam a2200253Ia 4500</leader>
  <controlfield tag="001">4924725</controlfield>
  <controlfield tag="003">NNC</controlfield>
  <controlfield tag="005">20041221192123.0</controlfield>
  <controlfield tag="008">900329s1862    ua            000 0 ara d</controlfield>
  <datafield tag="035" ind1=" " ind2=" ">
    <subfield code="a">(OCoLC)ocm21281547</subfield>
  </datafield>
  <datafield tag="035" ind1=" " ind2=" ">
    <subfield code="a">(NNC)4924725</subfield>
  </datafield>
  <datafield tag="040" ind1=" " ind2=" ">
    <subfield code="a">CLE</subfield>
    <subfield code="c">CLE</subfield>
    <subfield code="d">OCLCQ</subfield>
    <subfield code="d">NNC</subfield>
  </datafield>
  <datafield tag="092" ind1=" " ind2=" ">
    <subfield code="a">385.3</subfield>
    <subfield code="b">A M8925</subfield>
  </datafield>
  <datafield tag="130" ind1="0" ind2=" ">
    <subfield code="a">Arabian nights.</subfield>
  </datafield>
  <datafield tag="245" ind1="1" ind2="0">
    <subfield code="a">Kitāb alf laylah wa-laylah /</subfield>
    <subfield code="c">muqābalah wa-taṣḥīḥ Muḥammad Quṭṭah al-ʻAdawī.</subfield>
  </datafield>
  <datafield tag="250" ind1=" " ind2=" ">
    <subfield code="a">al-Ṭabʻah 2.</subfield>
  </datafield>
  <datafield tag="260" ind1=" " ind2=" ">
    <subfield code="a">Būlāq :</subfield>
    <subfield code="b">[s.n.],</subfield>
    <subfield code="c">1279 [1862]</subfield>
    <subfield code="e">(Būlāq :</subfield>
    <subfield code="f">Maṭbaʻat ʻAbd al-Raḥmān Rushdī)</subfield>
  </datafield>
  <datafield tag="300" ind1=" " ind2=" ">
    <subfield code="a">4 v. in 2. ;</subfield>
    <subfield code="c">27 cm.</subfield>
  </datafield>
  <datafield tag="500" ind1=" " ind2=" ">
    <subfield code="a">Spine title: Alif lailat wa lailat.</subfield>
  </datafield>
  <datafield tag="500" ind1=" " ind2=" ">
    <subfield code="a">Second edition, revised and corrected from the Bulak edition of 1836, by Muḥammad Quṭṭah al-ʻAdawī.</subfield>
  </datafield>
  <datafield tag="700" ind1="1" ind2=" ">
    <subfield code="a">ʻAdawī, Muḥammad Qiṭṭah.</subfield>
  </datafield>
  <datafield tag="740" ind1="0" ind2=" ">
    <subfield code="a">Alf laylah wa-laylah.</subfield>
  </datafield>
  <datafield tag="740" ind1="0" ind2=" ">
    <subfield code="a">Alif lailat wa lailat.</subfield>
  </datafield>
  <datafield tag="955" ind1=" " ind2=" ">
    <subfield code="b">0026815699</subfield>
    <subfield code="d">glx</subfield>
    <subfield code="e">893.7Ar1 K4</subfield>
    <subfield code="v">v.4</subfield>
  </datafield>
</record>
</collection>